<?xml version="1.0" encoding="UTF-8"?><record xmlns="http://www.loc.gov/MARC21/slim" xmlns:cinclude="http://apache.org/cocoon/include/1.0" xmlns:zs="http://www.loc.gov/zing/srw/">
  <leader>00437nz  a2200121n  4500</leader>
  <controlfield tag="001">n 2003073419</controlfield>
  <controlfield tag="003">DLC</controlfield>
  <controlfield tag="005">20030306135328.0</controlfield>
  <controlfield tag="008">030306n| acannaabn          |n aaa      </controlfield>
  <datafield tag="010" ind1=" " ind2=" ">
    <subfield code="a">n 2003073419</subfield>
  </datafield>
  <datafield tag="040" ind1=" " ind2=" ">
    <subfield code="a">DLC</subfield>
    <subfield code="b">eng</subfield>
    <subfield code="c">DLC</subfield>
  </datafield>
  <datafield tag="100" ind1="1" ind2=" ">
    <subfield code="a">Rostand, Edmond,</subfield>
    <subfield code="d">1868-1918.</subfield>
    <subfield code="t">DernieĚre nuit de Don Juan</subfield>
  </datafield>
  <datafield tag="670" ind1=" " ind2=" ">
    <subfield code="a">Rodriguez, Robert Xavier. The last night of Don Juan, c1999:</subfield>
    <subfield code="b">t.p. ("Based on La dernieĚre nuit de Don Juan (1921) by Edmond Rostand...")</subfield>
  </datafield>
</record>